<record><leader>00000cas a22000007a 4500</leader><controlfield tag="001">16965570</controlfield><controlfield tag="008">871111d1883188uiauwr ne      0    0eng d</controlfield><datafield ind1=" " ind2=" " tag="010"><subfield code="a">sn 87057898 </subfield></datafield><datafield ind1=" " ind2=" " tag="040"><subfield code="a">INP</subfield><subfield code="b">eng</subfield><subfield code="c">INP</subfield><subfield code="d">OCLCQ</subfield></datafield><datafield ind1=" " ind2=" " tag="042"><subfield code="a">msc</subfield></datafield><datafield ind1="0" ind2="0" tag="245"><subfield code="a">Lemars weekly sentinel.</subfield></datafield><datafield ind1="3" ind2="0" tag="246"><subfield code="a">Le Mars weekly sentinel</subfield></datafield><datafield ind1="3" ind2="0" tag="246"><subfield code="a">Weekly sentinel</subfield></datafield><datafield ind1=" " ind2=" " tag="260"><subfield code="a">Lemars [Iowa] :</subfield><subfield code="b">G.H. Ragsdale</subfield></datafield><datafield ind1=" " ind2=" " tag="300"><subfield code="a">v.</subfield></datafield><datafield ind1=" " ind2=" " tag="310"><subfield code="a">Weekly</subfield></datafield><datafield ind1="1" ind2=" " tag="362"><subfield code="a">Began in 1883.</subfield></datafield><datafield ind1=" " ind2=" " tag="500"><subfield code="a">Published as: The weekly sentinel, &lt;Sept. 6, 1883&gt;; Le Mars weekly sentinel, &lt;Sept. 20-Nov. 21, 1883&gt;.</subfield></datafield><datafield ind1=" " ind2=" " tag="588"><subfield code="a">Description based on: Vol. 13, no. 21 (June 7, 1883).</subfield></datafield><datafield ind1=" " ind2=" " tag="752"><subfield code="a">United States</subfield><subfield code="b">Iowa</subfield><subfield code="c">Plymouth</subfield><subfield code="d">Le Mars.</subfield></datafield><datafield ind1="0" ind2=" " tag="775"><subfield code="t">Mars daily sentinel (Le Mars, Iowa : 1884)</subfield><subfield code="w">(DLC)sn 87057899</subfield></datafield><datafield ind1="0" ind2="0" tag="780"><subfield code="t">Lemars sentinel (Le Mars, Iowa : 1873)</subfield><subfield code="w">(DLC)sn 84024498</subfield></datafield><datafield ind1="0" ind2="0" tag="785"><subfield code="t">Mars semi-weekly sentinel (Le Mars, Iowa : 1885)</subfield><subfield code="w">(DLC)sn 85049880</subfield></datafield></record>